%YAML 1.1
%TAG !u! tag:unity3d.com,2011:
--- !u!1 &2088870930242407243
GameObject:
  m_ObjectHideFlags: 0
  m_CorrespondingSourceObject: {fileID: 0}
  m_PrefabInstance: {fileID: 0}
  m_PrefabAsset: {fileID: 0}
  serializedVersion: 6
  m_Component:
  - component: {fileID: 2088870930242407241}
  - component: {fileID: 2088870930242407246}
  - component: {fileID: 2088870930242407240}
  - component: {fileID: 2088870930242407247}
  - component: {fileID: 1584181887701930383}
  - component: {fileID: 3938556183986448087}
  - component: {fileID: 2245094101242295033}
  - component: {fileID: 2088870930242407245}
  - component: {fileID: 2088870930242407346}
  - component: {fileID: 8338651282872187084}
  - component: {fileID: 6823346657617187503}
  - component: {fileID: 1391381079}
  - component: {fileID: 7082656397386786923}
  - component: {fileID: 1231180399}
  m_Layer: 0
  m_Name: GameManager
  m_TagString: GameManager
  m_Icon: {fileID: 7174288486110832750, guid: 0000000000000000d000000000000000, type: 0}
  m_NavMeshLayer: 0
  m_StaticEditorFlags: 0
  m_IsActive: 1
--- !u!4 &2088870930242407241
Transform:
  m_ObjectHideFlags: 0
  m_CorrespondingSourceObject: {fileID: 0}
  m_PrefabInstance: {fileID: 0}
  m_PrefabAsset: {fileID: 0}
  m_GameObject: {fileID: 2088870930242407243}
  m_LocalRotation: {x: 0, y: 0, z: 0, w: 1}
  m_LocalPosition: {x: 0.1, y: -0.53, z: -1}
  m_LocalScale: {x: 1, y: 1, z: 1}
  m_Children: []
  m_Father: {fileID: 0}
  m_RootOrder: 0
  m_LocalEulerAnglesHint: {x: 0, y: 0, z: 0}
--- !u!114 &2088870930242407246
MonoBehaviour:
  m_ObjectHideFlags: 0
  m_CorrespondingSourceObject: {fileID: 0}
  m_PrefabInstance: {fileID: 0}
  m_PrefabAsset: {fileID: 0}
  m_GameObject: {fileID: 2088870930242407243}
  m_Enabled: 1
  m_EditorHideFlags: 0
  m_Script: {fileID: 11500000, guid: c950506ee1a743c4eba805d59c371ba1, type: 3}
  m_Name: 
  m_EditorClassIdentifier: 
  player: {fileID: 0}
  craft: {fileID: 2088870930242407346}
  input: {fileID: 2088870930242407240}
  mouse: {fileID: 6823346657617187503}
  cam: {fileID: 0}
  effect: {fileID: 8338651282872187084}
  scenes: {fileID: 0}
  save: {fileID: 2088870930242407247}
  item: {fileID: 2245094101242295033}
  ui: {fileID: 2088870930242407245}
  uiSetting: {fileID: 0}
  uiNav: {fileID: 1231180399}
--- !u!114 &2088870930242407240
MonoBehaviour:
  m_ObjectHideFlags: 0
  m_CorrespondingSourceObject: {fileID: 0}
  m_PrefabInstance: {fileID: 0}
  m_PrefabAsset: {fileID: 0}
  m_GameObject: {fileID: 2088870930242407243}
  m_Enabled: 1
  m_EditorHideFlags: 0
  m_Script: {fileID: 11500000, guid: 205a792bcc4abb740a9583a70b7b4968, type: 3}
  m_Name: 
  m_EditorClassIdentifier: 
  playerInput: {fileID: 7082656397386786923}
  gamepadSensitive: 0.7
  cursorSpeed: 2000
  move: {x: 0, y: 0}
  front: 0
  back: 0
  left: 0
  right: 0
  isWalk: 0
  run: 0
  jump: 0
  pick: 0
  comfirm: 0
  cancel: 0
  pointOnScreen: {x: 0, y: 0}
  uiMove: {x: 0, y: 0}
  cursorTransform: {fileID: 0}
  canvasRectTransform: {fileID: 0}
  canvas: {fileID: 0}
  previousControlScheme: 
--- !u!114 &2088870930242407247
MonoBehaviour:
  m_ObjectHideFlags: 0
  m_CorrespondingSourceObject: {fileID: 0}
  m_PrefabInstance: {fileID: 0}
  m_PrefabAsset: {fileID: 0}
  m_GameObject: {fileID: 2088870930242407243}
  m_Enabled: 1
  m_EditorHideFlags: 0
  m_Script: {fileID: 11500000, guid: d5ce52c82f592d348b9b503dac8fc434, type: 3}
  m_Name: 
  m_EditorClassIdentifier: 
  levelSpawnPoint:
  - {x: -7, y: -0.6, z: -37}
  - {x: -1.1877472, y: 0.32648307, z: -3.9861784}
  - {x: -0.07, y: 0.91, z: -6.42}
  - {x: -0.02, y: -1.034, z: 0.929}
  levelObjects:
  - {fileID: 0}
  - {fileID: 0}
  savePoints:
  - {fileID: 0}
  - {fileID: 0}
  data:
    x: 0
    y: 0
    z: 0
    scenePlayed: 
  backpack:
    lightHerb: 0
    timeHerb: 0
    scaleHerb: 0
    fruit: 0
    bigMine: 0
    smallMine: 0
    o_lightBig: 0
    o_lightSmall: 0
    o_timeBig: 0
    o_timeSmall: 0
    o_scaleBig: 0
    o_scaleSmall: 0
    p_lightBig: 0
    p_lightSmall: 0
    p_timeBig: 0
    p_timeSmall: 0
    p_scaleBig: 0
    p_scaleSmall: 0
  bloodData:
    bloodObjectsName: []
    bloodObjectsActive: 
  whiteSave: {fileID: 1584181887701930383}
  levelSave: {fileID: 3938556183986448087}
  startUI: {fileID: 0}
  loadButton: {fileID: 0}
  lastSavePoint: {fileID: 0}
--- !u!114 &1584181887701930383
MonoBehaviour:
  m_ObjectHideFlags: 0
  m_CorrespondingSourceObject: {fileID: 0}
  m_PrefabInstance: {fileID: 0}
  m_PrefabAsset: {fileID: 0}
  m_GameObject: {fileID: 2088870930242407243}
  m_Enabled: 1
  m_EditorHideFlags: 0
  m_Script: {fileID: 11500000, guid: ffb7dffbe6bd8dd41b26d788cb13f14a, type: 3}
  m_Name: 
  m_EditorClassIdentifier: 
  whiteBloodObjectsChild: []
  whiteBloodObjectsFindAtRuntime: []
  whiteBloodCore: []
  coreTrans: []
  save: {fileID: 2088870930242407247}
--- !u!114 &3938556183986448087
MonoBehaviour:
  m_ObjectHideFlags: 0
  m_CorrespondingSourceObject: {fileID: 0}
  m_PrefabInstance: {fileID: 0}
  m_PrefabAsset: {fileID: 0}
  m_GameObject: {fileID: 2088870930242407243}
  m_Enabled: 1
  m_EditorHideFlags: 0
  m_Script: {fileID: 11500000, guid: 4a0ee657251ba064cb0edd4faa136d22, type: 3}
  m_Name: 
  m_EditorClassIdentifier: 
  objectsSave: []
  ObjectChild: []
  save: {fileID: 2088870930242407247}
--- !u!114 &2245094101242295033
MonoBehaviour:
  m_ObjectHideFlags: 0
  m_CorrespondingSourceObject: {fileID: 0}
  m_PrefabInstance: {fileID: 0}
  m_PrefabAsset: {fileID: 0}
  m_GameObject: {fileID: 2088870930242407243}
  m_Enabled: 1
  m_EditorHideFlags: 0
  m_Script: {fileID: 11500000, guid: 3426dbdfdeae4b749afacb2e7da740ad, type: 3}
  m_Name: 
  m_EditorClassIdentifier: 
  potionPerCraft: 3
--- !u!114 &2088870930242407245
MonoBehaviour:
  m_ObjectHideFlags: 0
  m_CorrespondingSourceObject: {fileID: 0}
  m_PrefabInstance: {fileID: 0}
  m_PrefabAsset: {fileID: 0}
  m_GameObject: {fileID: 2088870930242407243}
  m_Enabled: 1
  m_EditorHideFlags: 0
  m_Script: {fileID: 11500000, guid: 2aafed69a5bb8b348a0bdbce2ce50ecc, type: 3}
  m_Name: 
  m_EditorClassIdentifier: 
  currentSelected: {fileID: 0}
  item:
  - {fileID: 11400000, guid: 673fe357499daae4b8f6332927faf152, type: 2}
  - {fileID: 11400000, guid: 456e387a2aed7394a970a832d12e86c3, type: 2}
  - {fileID: 11400000, guid: 9072fae74511b7c459728856869731c4, type: 2}
  - {fileID: 11400000, guid: 7efb6eed82b642648be04396a3322c7a, type: 2}
  - {fileID: 11400000, guid: 92c8d1159d9929240aa5c18593148f05, type: 2}
  - {fileID: 11400000, guid: a09b2f2b0e46b6e4aa5b45097606043f, type: 2}
  - {fileID: 11400000, guid: 35db592c353d55141960addce72d5fd5, type: 2}
  - {fileID: 11400000, guid: 27d95392e2836e647b8f0d6c32048062, type: 2}
  - {fileID: 11400000, guid: f5cf29c467de44047882deb0488dafb6, type: 2}
  - {fileID: 11400000, guid: 78747687419e97f4baed27e8b1d0bcdc, type: 2}
  - {fileID: 11400000, guid: f1587680b1c9d3747a4edc0078b06269, type: 2}
  - {fileID: 11400000, guid: 183517b84c35af44ea0519789289eb90, type: 2}
  - {fileID: 11400000, guid: bceb825d3e8efab46b106d152dc672c4, type: 2}
  - {fileID: 11400000, guid: 3ac30c0f844776141b1acd69cf52cc0c, type: 2}
  - {fileID: 11400000, guid: 6480e110aa2279540b99652841fa1fb9, type: 2}
  - {fileID: 11400000, guid: 202a602e176567f4c896d8145df168e4, type: 2}
  - {fileID: 11400000, guid: 894a1e68a2627c8458217a63accf6bb8, type: 2}
  - {fileID: 11400000, guid: 59ce8f07ea8205542bed22db76026e86, type: 2}
  itemButtons:
  - {fileID: 0}
  - {fileID: 0}
  - {fileID: 0}
  - {fileID: 0}
  - {fileID: 0}
  - {fileID: 0}
  - {fileID: 0}
  - {fileID: 0}
  - {fileID: 0}
  - {fileID: 0}
  - {fileID: 0}
  - {fileID: 0}
  - {fileID: 0}
  - {fileID: 0}
  - {fileID: 0}
  - {fileID: 0}
  - {fileID: 0}
  - {fileID: 0}
  itemUI:
  - {fileID: 0}
  - {fileID: 0}
  - {fileID: 0}
  - {fileID: 0}
  - {fileID: 0}
  - {fileID: 0}
  - {fileID: 0}
  - {fileID: 0}
  - {fileID: 0}
  - {fileID: 0}
  - {fileID: 0}
  - {fileID: 0}
  - {fileID: 0}
  - {fileID: 0}
  - {fileID: 0}
  - {fileID: 0}
  - {fileID: 0}
  - {fileID: 0}
  potion: 
--- !u!114 &2088870930242407346
MonoBehaviour:
  m_ObjectHideFlags: 0
  m_CorrespondingSourceObject: {fileID: 0}
  m_PrefabInstance: {fileID: 0}
  m_PrefabAsset: {fileID: 0}
  m_GameObject: {fileID: 2088870930242407243}
  m_Enabled: 1
  m_EditorHideFlags: 0
  m_Script: {fileID: 11500000, guid: dacf271beb52e9c408f7518a810e68b7, type: 3}
  m_Name: 
  m_EditorClassIdentifier: 
  craftSecond: 3
  bubbleTarget: 0
  craft: []
  craftPotion: {fileID: 0}
  crafting: 0
--- !u!114 &8338651282872187084
MonoBehaviour:
  m_ObjectHideFlags: 0
  m_CorrespondingSourceObject: {fileID: 0}
  m_PrefabInstance: {fileID: 0}
  m_PrefabAsset: {fileID: 0}
  m_GameObject: {fileID: 2088870930242407243}
  m_Enabled: 1
  m_EditorHideFlags: 0
  m_Script: {fileID: 11500000, guid: e59ff18ca8b589c429a6e5b746d9b74c, type: 3}
  m_Name: 
  m_EditorClassIdentifier: 
  fire: {fileID: 2423885879309564942, guid: 9224b67fbbac7674a9bb176962cdcc39, type: 3}
--- !u!114 &6823346657617187503
MonoBehaviour:
  m_ObjectHideFlags: 0
  m_CorrespondingSourceObject: {fileID: 0}
  m_PrefabInstance: {fileID: 0}
  m_PrefabAsset: {fileID: 0}
  m_GameObject: {fileID: 2088870930242407243}
  m_Enabled: 1
  m_EditorHideFlags: 0
  m_Script: {fileID: 11500000, guid: 5033851807452c640ab16f044165f222, type: 3}
  m_Name: 
  m_EditorClassIdentifier: 
  debug: 0
  rightHand: {fileID: 0}
  mouseOn: 0
  rayLayer:
    serializedVersion: 2
    m_Bits: 769
  force: 10
  resolution: 50
  outlineColor: {r: 69.163025, g: 64.91958, b: 12.179647, a: 1}
  outlineWidth: 0.5
--- !u!120 &1391381079
LineRenderer:
  m_ObjectHideFlags: 0
  m_CorrespondingSourceObject: {fileID: 0}
  m_PrefabInstance: {fileID: 0}
  m_PrefabAsset: {fileID: 0}
  m_GameObject: {fileID: 2088870930242407243}
  m_Enabled: 0
  m_CastShadows: 1
  m_ReceiveShadows: 1
  m_DynamicOccludee: 1
  m_MotionVectors: 0
  m_LightProbeUsage: 0
  m_ReflectionProbeUsage: 0
  m_RayTracingMode: 0
  m_RayTraceProcedural: 0
  m_RenderingLayerMask: 1
  m_RendererPriority: 0
  m_Materials:
  - {fileID: 2100000, guid: cb6410a96dca4cf4f8c250f2bef8c750, type: 2}
  m_StaticBatchInfo:
    firstSubMesh: 0
    subMeshCount: 0
  m_StaticBatchRoot: {fileID: 0}
  m_ProbeAnchor: {fileID: 0}
  m_LightProbeVolumeOverride: {fileID: 0}
  m_ScaleInLightmap: 1
  m_ReceiveGI: 1
  m_PreserveUVs: 0
  m_IgnoreNormalsForChartDetection: 0
  m_ImportantGI: 0
  m_StitchLightmapSeams: 1
  m_SelectedEditorRenderState: 3
  m_MinimumChartSize: 4
  m_AutoUVMaxDistance: 0.5
  m_AutoUVMaxAngle: 89
  m_LightmapParameters: {fileID: 0}
  m_SortingLayerID: 0
  m_SortingLayer: 0
  m_SortingOrder: 0
  m_Positions: []
  m_Parameters:
    serializedVersion: 3
    widthMultiplier: 0.071
    widthCurve:
      serializedVersion: 2
      m_Curve:
      - serializedVersion: 3
        time: 0
        value: 1
        inSlope: 0
        outSlope: 0
        tangentMode: 0
        weightedMode: 0
        inWeight: 0.33333334
        outWeight: 0.33333334
      m_PreInfinity: 2
      m_PostInfinity: 2
      m_RotationOrder: 4
    colorGradient:
      serializedVersion: 2
      key0: {r: 1, g: 1, b: 1, a: 1}
      key1: {r: 1, g: 1, b: 1, a: 1}
      key2: {r: 0, g: 0, b: 0, a: 0}
      key3: {r: 0, g: 0, b: 0, a: 0}
      key4: {r: 0, g: 0, b: 0, a: 0}
      key5: {r: 0, g: 0, b: 0, a: 0}
      key6: {r: 0, g: 0, b: 0, a: 0}
      key7: {r: 0, g: 0, b: 0, a: 0}
      ctime0: 0
      ctime1: 65535
      ctime2: 0
      ctime3: 0
      ctime4: 0
      ctime5: 0
      ctime6: 0
      ctime7: 0
      atime0: 0
      atime1: 65535
      atime2: 0
      atime3: 0
      atime4: 0
      atime5: 0
      atime6: 0
      atime7: 0
      m_Mode: 0
      m_NumColorKeys: 2
      m_NumAlphaKeys: 2
    numCornerVertices: 0
    numCapVertices: 0
    alignment: 0
    textureMode: 0
    shadowBias: 0.5
    generateLightingData: 0
  m_UseWorldSpace: 1
  m_Loop: 0
--- !u!114 &7082656397386786923
MonoBehaviour:
  m_ObjectHideFlags: 0
  m_CorrespondingSourceObject: {fileID: 0}
  m_PrefabInstance: {fileID: 0}
  m_PrefabAsset: {fileID: 0}
  m_GameObject: {fileID: 2088870930242407243}
  m_Enabled: 1
  m_EditorHideFlags: 0
  m_Script: {fileID: 11500000, guid: 62899f850307741f2a39c98a8b639597, type: 3}
  m_Name: 
  m_EditorClassIdentifier: 
  m_Actions: {fileID: -944628639613478452, guid: cb228c24345761744bc7245897ed7b3c,
    type: 3}
  m_NotificationBehavior: 0
  m_UIInputModule: {fileID: 662042940292449525, guid: e2b6269a8d829444b81575e23ddc1765,
    type: 3}
  m_DeviceLostEvent:
    m_PersistentCalls:
      m_Calls: []
  m_DeviceRegainedEvent:
    m_PersistentCalls:
      m_Calls: []
  m_ControlsChangedEvent:
    m_PersistentCalls:
      m_Calls: []
  m_ActionEvents: []
  m_NeverAutoSwitchControlSchemes: 0
  m_DefaultControlScheme: 
  m_DefaultActionMap: UI
  m_SplitScreenIndex: 1
  m_Camera: {fileID: 0}
--- !u!114 &1231180399
MonoBehaviour:
  m_ObjectHideFlags: 0
  m_CorrespondingSourceObject: {fileID: 0}
  m_PrefabInstance: {fileID: 0}
  m_PrefabAsset: {fileID: 0}
  m_GameObject: {fileID: 2088870930242407243}
  m_Enabled: 1
  m_EditorHideFlags: 0
  m_Script: {fileID: 11500000, guid: 8750ff42b6ccc1f4d935f507ea082614, type: 3}
  m_Name: 
  m_EditorClassIdentifier: 
